<?xml version="1.0" encoding="UTF-8"?><collection xmlns="http://www.loc.gov/MARC21/slim"><record><leader>00334nam--2200133-i-4500</leader><controlfield tag="001">000020144</controlfield><controlfield tag="002">20161230</controlfield><controlfield tag="005">20161230201033</controlfield><controlfield tag="008">060222s1000------------r-----000-0-eng-d</controlfield><datafield ind1=" " ind2=" " tag="080"><subfield code="a">537.533.2:546.3</subfield></datafield><datafield ind1=" " ind2=" " tag="100"><subfield code="a">Dobrezow, L.N</subfield></datafield><datafield ind1=" " ind2=" " tag="245"><subfield code="a">Elektronen-und ionenemission</subfield></datafield><datafield ind1=" " ind2=" " tag="260"><subfield code="a">Berlin, Veb Verlag, 1954. 256 P. Cu Fig</subfield></datafield><datafield ind1=" " ind2=" " tag="852"><subfield code="a">11206</subfield></datafield></record></collection>